@inproceedings{he2015delving,
  title={Delving deep into rectifiers: Surpassing human-level performance on imagenet classification},
  author={He, Kaiming and Zhang, Xiangyu and Ren, Shaoqing and Sun, Jian},
  booktitle={Proceedings of the IEEE international conference on computer vision},
  pages={1026--1034},
  year={2015}
}
@article{simonyan2014very,
  title={Very deep convolutional networks for large-scale image recognition},
  author={Simonyan, Karen and Zisserman, Andrew},
  journal={arXiv preprint arXiv:1409.1556},
  year={2014}
}
@article{ref_article1,
	title={Article title},
	author={Author},
	journal={Journal},
	pages={99--110 },
	year={2016}
},

@inproceedings{ref_lncs1,
    title={Title of a proceedings paper},
    booktitle={CONFERENCE 2016},
    author={Author, F., Author, S.},
    volume={9999},
    pages={1--13},
    publisher={Springer, Heidelberg (2016). \doi{10.10007/1234567890}}
},

@book{ref_book1,
  author    = {Author, F., Author, S., Author, T.}, 
  title     = {Book title},
  publisher = {Publisher},
  year      = 1999,
  volume    = 4,
  series    = 10,
  address   = {Location},
  edition   = 2nd edn,
  month     = 7,
  note      = {An optional note},
  isbn      = {3257227892}
},

@inproceedings{ref_proc1,
    title={Contribution title},
    booktitle={9th International Proceedings on Proceedings},
    author={Author, A.-B.},
    volume={9999},
    pages={1--2},
    publisher={Publisher}, 
    address={Heidelberg (2010).}
},

@inproceedings{ronneberger2015u,
	title={U-net: Convolutional networks for biomedical image segmentation},
	author={Ronneberger, Olaf and Fischer, Philipp and Brox, Thomas},
	booktitle={International Conference on Medical image computing and computer-assisted intervention},
	pages={234--241},
	year={2015},
	organization={Springer}
}