%%%% Guide til bibtex og litteratur.bib %%%%

% Alle kilder angives efter Harvard-metoden og vil i rapporten fremstaa med [FORFATTER, AAR] eller mere praecist [EFTERNAVN, AAR].

% Nederst findes eksempler paa kildeangivelser af typerne manual, book, article, techreport og misc.
	% - Manual bruges ved henvisninger fra internettet, idet \url-funktionen findes her
	% - Book bruges ved helt almindelige boeger
	% - Article bruges ved artikler og udgivelser
	% - Techreport kan bruges ved mindre udgivelser, hvor kun titel, forfatter og AAR er noedvendig eller tilgaengelig
	% - Misc kan bruges ved det, der falder udenfor de andre kategorier - interview, forelaesninger, foredrag osv. 

% Hvis der er flere forfattere paa en kilde, SKAL de listes med 'and' imellem dem - ogsaa ved 3 og derover (f.eks. FORFATTER 1 and FORFATTER 2 and FORFATTER 3). NAAR kildelisten bygges i rapporten, vil der ved 2 forfattere komme til at staa [EFTERNAVN 1 og EFTERNAVN 2, AAR] og ved 3 forfattere og derover komme til at staa [EFTERNAVN 1 et. al, AAR]. 

% Ved almindelige forfatternavne skal der vaere Ã©t saet tuborg-parenteser ved Author (f.eks. author = {H. C. Andersen}). Ved andre navne (f.eks. virksomheder, hjemmesider, grupper, raad, naevn osv.) skal der vaere 2 saet tuborg-parenteser ved Author (f.eks. author = {{Dansk Standard}}). Begrundelse: med 2 saet tuborg-parenteser skrives hele parentesen ud som forfatter, [Dansk Standard, AAR]. Alternativt ville der i eksemplet bare komme til at staa [Standard, AAR].


%-----------------------------------------------------%
%%%%%%%%%%%%%%%%% BOOKS %%%%%%%%%%%%%%%%%%%%
@article{misra2006global,
	title={Global Positioning System: signals, measurements and performance second edition},
	author={Misra, Pratap and Enge, Per}
}

@book{Reactive_Power_Control,
	author={Heinz P.},
	year={1998},
	title={Reactive Power Control in Small Power Systems},
	publisher={IEEE Power Systems, vol. 1, no. 1, pp. 14-19},
	pages={},
	language={eng}
}

@book{lsa_allan,
	author={Allan Aasbjerg Nielsen},
	year={2013},
	title={Least Squares Adjustment: Linear and Nonlinear Weighted Regression Analysis}
}

@book{Power_Transmission,
	author={Johnson H.},
	year={2003},
	title={Introduction to power transmission},
	publisher={Weilly Co.}
}